@software{geopandas,
  author       = {Kelsey Jordahl and
                  Joris Van den Bossche and
                  Martin Fleischmann and
                  {et al.}},
  title        = {geopandas/geopandas: v0.9.0},
  month        = march,
  year         = 2021,
  publisher    = {Zenodo},
  version      = {v0.9.0},
  doi          = {10.5281/zenodo.4569086},
  url          = {https://doi.org/10.5281/zenodo.4569086}
}

@article{gempy,
  author = {Miguel de la Varga and Alexander Schaaf and Florian Wellmann},
  title = {GemPy 1.0: open-source stochastic geological modeling and inversion},
  pages = {1-32},
  year = {2019},
  journal = {Geoscientific Model Development}
}

@software{rasterio,
  author =    {Sean Gillies and others},
  organization = {Mapbox},
  title =     {Rasterio: geospatial raster I/O for {Python} programmers},
  year =      {2013},
  url = "https://github.com/mapbox/rasterio"
}

@software{owslib,
  author =    {Sean Gillies and others},
  organization = {Mapbox},
  title =     {OWSLib},
  year =      {2006--},
  url = "https://github.com/geopython/OWSLib"
}

@Misc{shapely,
  author =    {Sean Gillies and others},
  organization = {toblerity.org},
  title =     {Shapely: manipulation and analysis of geometric objects},
  year =      {2007},
  url = "https://github.com/Toblerity/Shapely"
}

@software{pygeos,
  author       = {Casper van der Wel and Joris Van den Bossche and Brendan Ward and Krishna Chaitanya and Mike Taves
                    and Martin Fleischmann and Martin Lackner and Tom Clancy},
  title        = {pygeos/pygeos: v0.9.0},
  month        = jan,
  year         = 2021,
  publisher    = {Zenodo},
  version      = {v0.9.0},
  doi          = {10.5281/zenodo.4459137},
  url          = {https://doi.org/10.5281/zenodo.4459137}
}

@article{pyvista,
  doi = {10.21105/joss.01450},
  url = {https://doi.org/10.21105/joss.01450},
  year = {2019},
  month = {may},
  publisher = {The Open Journal},
  volume = {4},
  number = {37},
  pages = {1450},
  author = {C. Bane Sullivan and Alexander Kaszynski},
  title = {{PyVista}: 3D plotting and mesh analysis through a streamlined interface for the Visualization Toolkit ({VTK})},
  journal = {Journal of Open Source Software}
}

@software{pandas,
    author       = {{The pandas development team}},
    title        = {pandas-dev/pandas: Pandas},
    month        = march,
    year         = 2021,
    publisher    = {Zenodo},
    version      = {v1.2.3},
    doi          = {10.5281/zenodo.4572994},
    url          = {https://doi.org/10.5281/zenodo.4572994}
}

@article{numpy,
 title         = {Array programming with {NumPy}},
 author        = {Charles R. Harris and K. Jarrod Millman and St{'{e}}fan J.
                 van der Walt and Ralf Gommers and Pauli Virtanen and David
                 Cournapeau and Eric Wieser and Julian Taylor and Sebastian
                 Berg and Nathaniel J. Smith and Robert Kern and Matti Picus
                 and Stephan Hoyer and Marten H. van Kerkwijk and Matthew
                 Brett and Allan Haldane and Jaime Fern{'{a}}ndez del
                 R{'{\i}}o and Mark Wiebe and Pearu Peterson and Pierre
                 G{'{e}}rard-Marchant and Kevin Sheppard and Tyler Reddy and
                 Warren Weckesser and Hameer Abbasi and Christoph Gohlke and
                 Travis E. Oliphant},
 year          = {2020},
 month         = sep,
 journal       = {Nature},
 volume        = {585},
 number        = {7825},
 pages         = {357--362},
 doi           = {10.1038/s41586-020-2649-2},
 publisher     = {Springer Science and Business Media {LLC}},
 url           = {https://doi.org/10.1038/s41586-020-2649-2}
}

@article{Map2Loop,
author = {Jessell, M. and Ogarko, V. and de Rose, Y. and Lindsay, M. and Joshi, R. and Piechocka, A. and Grose, L. and de la Varga, M. and Ailleres, L. and Pirot, G.},
title = {Automated geological map deconstruction for 3D model construction using
\textit{map2loop} 1.0 and \textit{map2model} 1.0},
journal = {Geoscientific Model Development},
volume = {14},
year = {2021},
number = {8},
pages = {5063-5092},
url = {https://gmd.copernicus.org/articles/14/5063/2021/},
doi = {10.5194/gmd-14-5063-2021}
}

@software{geopy,
  author =    {Kostya Esmukov and others},
  organization = {GeoPy},
  title =     {GeoPy: Geocoding library for Python},
  year =      {2023},
  url = "https://github.com/geopy/geopy"
}

@article{osmnx,
title = {OSMnx: New methods for acquiring, constructing, analyzing, and visualizing complex street networks},
journal = {Computers, Environment and Urban Systems},
volume = {65},
pages = {126-139},
year = {2017},
doi = {https://doi.org/10.1016/j.compenvurbsys.2017.05.004},
author = {Geoff Boeing},
}

@software{hotmaps,
author =    {Mostafa Fallahnejad},
organization = {Hotmaps-Wiki},
title =     {Hotmaps-data-repository-structure},
year =      {2019},
url = "https://wiki.hotmaps.eu/en/Hotmaps-open-data-repositories"
}


@article{novosel,
title = {Heat demand mapping and district heating assessment in data-pour areas},
journal = {Renewable and Sustainable Energy Reviews},
volume = {131},
pages = {109987},
year = {2020},
doi = {https://doi.org/10.1016/j.rser.2020.109987},
author = {T. Novosel and T. Pukšec and N. Duić and J. Domac},
}

@article{meha,
title = {Bottom-up and top-down heat demand mapping methods for small municipalities, case Gllogoc},
journal = {Energy},
volume = {199},
pages = {117429},
year = {2020},
doi = {https://doi.org/10.1016/j.energy.2020.117429},
author = {Drilon Meha and Tomislav Novosel and Neven Duić},
}

@software{rasterstats,
  author =    {Matthew Perry},
  organization = {Rasterstats},
  title =     {Rasterstats: Summary statistics of geospatial raster datasets based on vector geometries.},
  year =      {2023},
  url = "https://github.com/perrygeo/python-rasterstats"
}

@article{herbst,
title = {A Heat Demand Map of North-West Europe – its impact
on supply areas and identification of potential production areas for deep geothermal energy},
journal = {GeoKarlsruhe},
volume = {2021},
pages = {1},
year = {2021},
doi = {http://dx.doi.org/10.48380/dggv-j2wj-nk88},
author = {Herbst, E., Khashfe, E., Jüstel, A., Strozyk, F. & Kukla, P.},
}

@software{heat,
  author =    {Malcolm Peacock},
  organization = {Malcolm Peacock},
  title =     {Heat - Generation of heat demand time series from weather},
  year =      {2023},
  url = "https://github.com/malcolmpeacock/heat"
}

@software{urbanheatpro,
  author =    {Anahi Molar-Cruz},
  organization = {Chair of Renewable and Sustainable Energy Systems},
  title =     {UrbanHeatPro - A bottom-up model for the simulation of heat demand profiles of urban areas},
  year =      {2021},
  url = "https://github.com/tum-ens/UrbanHeatPro/tree/master"
}